@PhDThesis{ DelPin03,
	author = "F. {Del Pin}",
	title = "The Meshless Finite Element Method Applied to a Lagrangian Particle Formulation of Fluid Flows",
	school = "Facultad de Ingenier{\'i}a y Ciencias H{\'i}dricas (FICH) Instituto de Desarrollo Tecnol{\'o}gico para la Industria Qu{\'i}mica (INTEC) Universidad Nacional del Litoral",
	year = 2003
}

@Article{ Bauza09,
	author = "C. Garc{\'i}a Bauza and G. Boroni and M. V{\'e}rene and A. Clausse",
	title = "Visualizaci{\'o}n Interactiva en Superficies de Flu{\'i}dos a partir de aut{\'o}matas Lattice Boltzmann",
	journal = "ENIEF",
	year = 2009
}

@Article{Ide03,
	author = "S.R. Idelsohn and N. Calvo and E. O{\~n}ate",
	title = "Polyhedrization of an arbitrary 3D point set",
	journal = "Computer Method in Applied Mechanics and Engineering",
	year = 2003
}

@Article{ Bretones95,
	author = "M.A. Bretones and A.R. Ferran and A. Huerta",
	title = "La programaci{\'o}n orientada al objeto aplicada al c{\'a}lculo por elementos finitos",
	journal = "Revista Internacional de M{\'e}todos Num{\'e}ricos para C{\'a}lculo y Dise{\~n}o en Ingenieria",
	volume = "11",
	pages = "423--449",
	year = 1995
}

@Article{ Ide03b,
	author = "S.R. Idelsohn and E. O{\~n}ate and N. Calvo and F. Del Pin",
	title = "The meshless finite element method",
	journal = "Int. J. Num. Meth. Engng.",
	volume = "58,6",
	pages = "893--912",
	year = 2003
}

@Article{ Onate04,
	author = "E. O{\~n}ate and S.R. Idelsohn and F. {Del Pin} and R. Aubry",
	title = "The Particle Finite Element Method, an Overview",
	journal = "International Journal of Computational Methods",
	volume = "1",
	pages = "267--307",
	year = 2004
}

@Article{ Idelsohn04,
	author = "S.R. Idelsohn and E. O{\~n}ate and F. {Del Pin}",
	title = "The particle finite element method a powerful tool to solve incompressible flows with free-surfaces and breaking waves.",
	journal = "International Journal of Numerical Methods",
	volume = "61",
	pages = "964--989",
	year = 2004
}

@Unpublished{ Stam10,
	author = "J. Stam",
	title = "Stable Fluids",
	note = "Document Unpublished",
	year = 2010
}

@Article{ Stam99,
	author = "Jos Stam",
	title = "Stable Fluids",
	journal = "SIGGRAPH 99 Conference Proceedings",
	volume = "Annual Conference Series",
	pages = "121--128",
	year = 1999
}


Jos Stam, "Stable Fluids", In SIGGRAPH 99 Conference Proceedings, Annual Conference Series, August 1999, 121-128

@Article{ Bauza10,
	author = "C. Garc{\'i}a Bauza and M. Lazo and G. Boroni and D. Dalponte and A. Clausse",
	title = "Bordes Din{\'a}micos sobre el m{\'e}todo de Lattice-Boltzmann para simulaci{\'o}n de superficies de flu{\'i}dos en tiempo real",
	journal = "ENIEF",
	year = 2010
}

@Article{ Chen98,
	author = "S. Chen and G. Doolen",
	title = "Lattice Boltzmann Method for Fluids Flows",
	journal = "Annual Reviews of Fluids Mechanics",
	volume = "30",
	pages = "329--364",
	year = 1998
}

@Article{ Cary96,
	author = "J. Cary and S. Shasharina and J. Cummings",
	title = "Comparison of C++ and Fortran 90 for Object-Oriented Scientific programming",
	journal = "Computer Physics Communications",
	year = 1997,
	volume = "105(1)",
	pages = "20--36"
}

@Book{ Fung77,
	title = "A First Course in Continuum Mechanics",
	author = "Y. Fung",
	publisher = "Prentice-Hall",
	address = "New Jersey USA",
	edition = "1st",
	volume = "1",
	year = "1977",
	isbn = "0-13-318311-4"
}

@Book{ Zienk83,
	title = "Finite Elements and Approximation",
	author = "O. Zienkiewicz and K. Morgan",
	publisher = "Wiley",
	address = "New York USA",
	year = "1983"
}

@TechReport{ Nigro07,
	title = "M{\'e}todos Num{\'e}ricos en Fen{\'o}menos de Transporte",
	author = "N. Nigro and M. Storti",
	institution = "CIMEC",
	month = aug,
	year = "2007"
}

@Book{ Donea03,
	title = "Finite Element Method for Flow Problems",
	author = "J. Donea and A. Huerta",
	publisher = "Wiley",
	address = "Chichester England",
	isbn = "0-471-49666-9",
	year = "1983"
}

@Misc{ mkl-pardiso,
	author = "{Intel MKL}",
	title = "Intel Math Kernel Library, Linear Solvers Basics",
	HowPublished = "Document Number: 308659-001",
	year = "2005"
}

@Misc{ mkl-iss,
	author = "{Intel MKL}",
	title = "Iterative Sparse Solvers based on Reverse Communication Interface (RCI ISS)",
	HowPublished = "\url{http://software.intel.com/sites/products/documentation/hpc/mkl/mklman/index.htm}",
	year = "2005"
}

@Manual{ quickDX,
	title = "IBM Visualization Data Explorer, Quick Start Guide",
	author = "T. Watson",
	organization = "IBM",
	address = "Yorktown Heights, NY 10598-0704, USA",
	edition = "3rd",
	year = "1997"
}


@TechReport{petsc-manual,
    Author      = "Satish Balay and Jed Brown and and Kris Buschelman and Victor Eijkhout and William D. Gropp and Dinesh Kaushik and Matthew G. Knepley and Lois Curfman McInnes and Barry F. Smith and Hong Zhang",
   Title              = "{PETS}c Users Manual",
   Number      = "ANL-95/11 - Revision 3.1",
   Institution = "Argonne National Laboratory",
   Year              = "2010"}

@Misc{ ltensor,
	author = "A.C. Limache and P.S. Rojas Fredini",
	title = "LTensor: A high performance Tensor Library based on Index Notation",
	HowPublished = "\url{http://code.google.com/p/ltensor/}",
	year = "2010"
}

@Misc{storage-matrix-web,
    Author = "{Intel MKL}",
   Title      = "Sparse {M}atrix {S}torage {F}ormats",
   Note     = "\url{http://software.intel.com/sites/products/documentation/hpc/mkl/mklman/appendices/mkl_appA_SMSF.htm}",
   Year     = "2005"}

@Article{ Poncet02,
	author = "P. Poncet",
	title = "Vanishing of mode B in the wake behind a rotationally oscillating circular cylinder",
	journal = "Physics of Fluids",
	year = 2002,
	volume = "14 (6)"
}

@Article{ Mon77,
	author = "R. A. Gingold and J. J. Monaghan",
	title = "Smoothed Particle Hydrodynamics, theory and application to non-spherical stars",
	journal = "Royal Astronomical Society",
	year = 1977,
	volume = "181",
	pages = "375--389"
}

@Article{ Gimenez11,
	author = "J. M. Gimenez",
	title = "Desarrollo e implementaci{\'o}n del m{\'e}todo PFEM-2",
	journal = "Degree Thesis - Facultad de Ingenier{\'i}a y Ciencias H{\'i}dricas, Universidad Nacional del Litoral",
	year = 2011
}

@Article{ Dadvand10,
	author = "P. Dadvand and R. Rossi and E. O{\~n}ate",
	title = "An Object-oriented Environment for Developing Finite Element Codes for Multi-disciplinary Applications",
	journal = "Archives of Computational Methods in Engineering",
	volume = "17",
	pages = "253--297",
	year = 2010
}

@article{Dadvand2012,
  title = "Migration of a generic multi-physics framework to \{HPC\} environments ",
  journal = "Computers & Fluids ",
  volume = "",
  number = "0",
  pages = " - ",
  year = "2012",
  note = "",
  issn = "0045-7930",
  doi = "10.1016/j.compfluid.2012.02.004",
  url = "http://www.sciencedirect.com/science/article/pii/S0045793012000485",
  author = "P. Dadvand and R. Rossi and M. Gil and X. Martorell and J. Cotela and E. Juanpere and S.R. Idelsohn and E. OÃ±ate",
  keywords = "Parallelization",
  keywords = "Computational fluid dynamics",
  keywords = "Domain decomposition "
}


@Book{ Schmuller07,
	title = "Aprendiendo UML en 24 horas",
	author = "J. Schmuller",
	publisher = "Prentice Hall",
	address = "New Jersey USA",
	edition = "1st",
	volume = "1",
	year = "2007"
}

@Unpublished{ Idelsohn10movil,
	author = "S. Idelsohn",
	title = "M{\'e}todo de PFEM Simplificado de segunda generaci{\'o}n (PFEM-2)",
	note = "CIMEC internal document",
	year = 2010
}

@Unpublished{ Idelsohn10fijo,
	author = "S. Idelsohn",
	title = "M{\'e}todo de PFEM de segunda generaci{\'o}n (PFEM-2) Caso Lagrangiano malla fija",
	note = "CIMEC internal document",
	year = 2010
}

@Misc{ smfl08,
	title = "Simple Fast Multimedia Library (SFML) Documentation",
	author = "Laurent Gomila",
	year = "2008",
	HowPublished = "\url{http://www.sfml-dev.org/tutorials/1.6/}"
}

@Book{ vtk02,
	title = "An Object-Oriented Approach to 3D Graphics",
	series = "The Visualization Toolkit",
	author = "W. Schroeder and K. Martin and B. Lorensen",
	publisher = "Kitware",
	edition = "3er",
	year = "2002",
	isbn = "1-930934-07-6"
}

@Misc{ lid-driven08,
	title = "Lid-Driven Cavity Problem",
	author = "Jasond et.al. et.al. {et.al. et.al.}",
	HowPublished = "\url{http://www.cfd-online.com/Wiki/Lid-driven_cavity_problem}",
	year = "version 17 December 2008, at 09:51"
}

@Article{ Ghia82,
	author = "U. Ghia and K. Ghia and C. Shin",
	title = "High-Re solutions for incompressible flow using the Navier-Stokes equations and a multigrid method",
	journal = "Journal of Computational Physics",
	year = 1982,
	volume = "48",
	pages = "387--411"
}

@Article{ Marquez10,
	author = "S. {Marquez Dami{\'a}n} and N. Nigro",
	title = "COMPARISON OF SINGLE PHASE LAMINAR AND LARGE EDDY SIMULATION (LES) SOLVERS USING THE OPENFOAM SUITE",
	journal = "MECOM",
	year = 2010,
	volume = "XXIX",
	pages = "3721--3740"
}

@Article{ Chiang99,
	author = "T. Chiang and T. Sheu",
	title = "A numerical revisit of backward-facing step flow problem",
	journal = "Physics of Fluids",
	year = 1999,
	volume = "11(4)",
	pages = "862--874"
}

@Misc{ vonKarman11,
	title = "Von Karman Vortex Street",
	author = "A. Various",
	HowPublished = "\url{http://en.wikipedia.org/wiki/K%C3%A1rm%C3%A1n_vortex_street}",
	year = "version 22 January 2011, at 00:19"
}

@Article{ Bruneau06,
	author = "C. Bruneau and M. Saad",
	title = "The 2D lid-driven cavity problem revisited",
	journal = "Computers \& Fluids",
	year = 2006,
	volume = "35",
	pages = "326--348"
}

@Article{ Lopez02,
	author = "O. L{\'o}pez",
	title = "Modelamiento Computacional de la calle de v{\'o}rtices de Karman por din{\'a}mica de vorticidad",
	journal = "Mec{\'a}nica Computacional",
	year = 2002,
	volume = "XXI",
	pages = "274--292"
}

@Article{ Bretones95,
	author = "M.A. Bretones and A. Ferran and A. Huerta",
	title = "La programaci{\'o}n orientada al objeto aplicada al c{\'a}lculo por el m{\'e}todo de elementos finitos",
	journal = "Revista Internacional de M{\'e}todos Num{\'e}ricos para C{\'a}lculo y Dise{\~n}o en Ingenieria",
	year = 1995,
	volume = "11",
	pages = "423--449"
}

@Book{ Somerville05,
	title = "Ingenier{\'i}a de Software",
	author = "I. Somerville",
	publisher = "Prentice Hall",
	edition = "7ma",
	year = "2005",
	isbn = "8478290745"
}

@Article{ Mittal01,
	author = "S. Mittal and V. Kumar",
	title = "Flow-Induced vibrations a of a light circular cylinder at Reynolds numbers 1000 to 10000",
	journal = "Journal of sound and vibration",
	year = 2001,
	volume = "245(5)",
	pages = "923--946"
}

@Article{ Behr94,
	author = "M. Behr and D. Hastreiter and S. Mittal and T.E. Tezduya",
	title = "Incompressible flow past a circular cylinder: dependence of the computed flow field on the location of the lateral boundaries",
	journal = "Computer Methods in Applied Mechanics and Engineering",
	year = 1994,
	volume = "123",
	pages = "309--316"
}

@Article{ Rojas10,
	author = "P Rojas Fredini and A. Limache",
	title = "Simulaci{\'o}n de Fluidos en Tiempo Real utilizando SPH",
	journal = "Mec{\'a}nica Computacional",
	year = 2010,
	volume = "XXIX",
	pages = "3847--3864"
}

@PhDThesis{ Calvo05,
	title = "Generaci{\'o}n de mallas tridimensionales por m{\'e}todos duales",
	author = "N. Calvo",
	editor = "Universidad Nacional del Litoral {Facultad de Ingenier{\'i}a y Ciencias H{\'i}dricas}",
	address = "Santa Fe, Argentina",
	year = "2005"
}

@PhDThesis{ Jasak96,
	title = "Error Analysis and Estimation for the Finite Volume Method with Applications to Fluid Flows",
	author = "H. Jasak",
	editor = "Imperial College",
	address = "London",
	year = "1996"
}

@Article{ Hryb09,
	title = "Particle Transport in turbulent flow using both Lagrangian and Eulerian formulations",
	author = "D. Hryb and M. Cardozo and S. Ferro and M. Goldschmidt",
	journal = "International Cummunications in Heat and Mass Transfer",
	volume = "36",
	pages = "451--457",
	year = "2009"
}

@Article{ parmetis,
	title = "A parallel algorithm for multilevel graph partitioning and sparse matrix reordering",
	author = "G. Karypis and V. Kumar",
	journal = "Parallel and Distributed Computing",
	volume = "48",
	pages = "71--95",
	year = "1998"
}

@Article{ metis,
	title = "A Fast and Highly Quality Multilevel Scheme for Partitioning Irregular Graphs",
	author = "G. Karypis and V. Kumar",
	journal = "SIAM Journal on Scientific Computing",
	volume = "20",
	pages = "359--392",
	year = "1999"
}

@Article{ Elgobashi94,
	title = "On predicting particle-laden turbulent flows",
	author = "S. Elgobashi",
	journal = "Applied Scientific Research",
	volume = "52",
	pages = "309--329",
	year = "1994"
}

@Book{ Burden,
	title = "Numerical Analysis",
	author = "R. L. Burden and J. D. Faires",
	publisher = "Math Learning",
	edition = "7th",
	year = "2003",
	isbn = "970-686-134-3"
}

@Article{ Tominaga,
	title = "Turbulent Schmidt numbers for CFD analysis with various types of flowfield",
	author = "Y. Tominaga and T. Stathopoulos",
	journal = "Atmospheric Environment",
	volume = "41",
	pages = "8091--8099",
	year = "2007"
}

@Article{Poncet,
	title = "Vanishing of mode B in the wake behind a rotationally oscillating circular cylinder",
	author = "P. Poncet",
	journal = "Physics of Fluids",
	volume = "14-6",
	pages = "8091--8099",
	year = "2002"
}

@Article{Idelsohn12,
	title = "Large time-step explicit integration method for solving problems with dominant convection",
	author = "Sergio Idelsohn and N.M. Nigro and A. Limache and E. O{\~n}ate.",
	journal = "Comp. Meth. in Applied Mechanics and Engineering",
	volume = "217-220",
	pages = "168-185",
	year = "2012"
}

@Article{Gimenez11enief,
	title = "Parallel Implementation of the Particle Finite Element Method",
	author = "Juan Marcelo Gimenez and Norberto Marcelo Nigro",
	journal = "Mec{\'a}nica Computacional",
	volume = "XXX",
	pages = "3021-3032",
	year = "2011"
}

@Article{Gimenez12mecom,
	title = "Improvements to solve diffusion-dominant problems with PFEM-2",
	author = "Juan Marcelo Gimenez and Norberto Marcelo Nigro and Sergio Rodolfo Idelsohn",
	journal = "Mec{\'a}nica Computacional",
	volume = "XXXI",
	pages = "137-155",
	year = "2012"
}

@Article{Gimenez12mecomb,
	title = "Particle Tracking in laminar/turbulent flows",
	author = "Juan Marcelo Gimenez and Norberto Marcelo Nigro and Sergio Rodolfo Idelsohn",
	journal = "Mec{\'a}nica Computacional",
	volume = "XXXI",
	pages = "137-155",
	year = "2012"
}

@Article{Sklar12,
	title = "Thermal Coupling in Particle Finite Element Method - Second Generation",
	author = "Diego Marcelo Sklar and Juan Marcelo Gimenez and Norberto Marcelo Nigro and Sergio Rodolfo Idelsohn",
	journal = "Mec{\'a}nica Computacional",
	volume = "XXXI",
	pages = "4143-4152",
	year = "2012"
}


@Article{Nigro11,
	title = "A new approach to solve incompressible Navier-Stokes equation using a particle method",
	author = "Norberto Nigro and Juan Gimenez and Alejandro Limache and Sergio Idelsohn and Eugenio O{\~n}ate and Nestor Calvo and Pablo Novara and Pedro Morin",
	journal = "Mec{\'a}nica Computacional",
	volume = "XXX",
	year = "2011"
}


@Book{ CFX-Solver,
	title = "ANSYS CFX-Solver Theory Guide",
	author = "ANSYS",
	publisher = "ANSYS, Inc.",
	edition = "13th",
	year = "2010",
}

@Book{ Oksendal,
	title = "Stochastic Diferential Equations: An introduction with applications",
	author = "B. Oksendal",
	publisher = "Springer-Verlag.",
	edition = "5th",
	year = "2000"
}


@Article{Ribalko2012,
	title = "A Lagrangian particle random walk model for hybrid RANS/LES turbulent flows",
	author = "M. Rybalko and E. Loth and D. Lankford",
	journal = "Powder Technology",
	volume = "XXX",
	pages = "XXX-XXX",
	year = "2012"
}

@Article{Idelsohn12b,
	title = "A fast and accurate method to solve the incompressible Navier-Stokes equations",
	author = "S.R. Idelsohn and N.M. Nigro and J.M. Gimenez and R. Rossi and J. Marti.",
	journal = "Engineering Computations",
	volume = "30-Iss:2",
	pages = "197-222",
	year = "2013"
}

@Article{Mittal01b,
	title = "Computation of three-dimensional flows past circular cylinder of low aspect ratio",
	author = "S. Mittal",
	journal = "Physics of Fluids",
	volume = "13 (1)",
	year = "2001"
}

@Misc{Roshko1960,
	title = "Experiments on the flow past a circular cylinder at very High Reynolds numbers",
	author = "A. Roshko",
	HowPublished = "Aeronautical Laboratory, California Institute of Technology, Calfornia",
	year = "1960"
}


@Misc{Sheldhal81,
	title = "Aerodynamic Characteristics of Seven Airfoil Sections Through 180 Degrees Angle of Attack for Use in Aerodynamic Analysis of Vertical Axis Wind Turbines",
	author = "R.E. Shedhal and P.C. Klimas",
	HowPublished = "SAND80-2114, Sandia National Laboratories, Albuquerque, New Mexico",
	year = "1981"
}

@Article{Mittal10,
	title = "Optimal aerodynamic design of airfoils in unsteady viscous flows",
	author = "D.N. Srinath and S. Mittal",
	journal = "Computer Methods in Applied Mechanics and Engineering",
	volume = "199",
	pages = "1976-1991",
	year = "2010"
}

@Book{ Zienkiewicz06,
	title = "The finite element method",
	author = "O. C. Zienkiewicz et al.",
	publisher = "Elsevier",
	edition = "6th",
	year = "2006"
}

@Book{ Doneahuerta,
	title = " Finite element method for flow problems",
	author = "J. Donea and A. Huerta",
	publisher = "Springer-Verlag.",
	edition = "1st",
	year = "2003"
}

@Book{ Batcherol53,
	title = " The theory of homogeneous turbulence",
	author = "G. K. Batcherol",
	publisher = "Cambridge University Press.",
	year = "1953"
}

@Book{Versteeg95,
	title = " An introduction to Computational fluid dynamics",
	author = "H. K. Versteeg and W. Malalasekera",
	publisher = "Longman",
	isbn = "0-582-21884-5",
	address = "Burnt Mill, England",	
	year = "1995"
}


@Book{Ferziger01,
	title = " Computational Methods for Fluid Dynamics",
	author = "J. H. Ferziger and M. Peric,",
	publisher = "Springer",
	edition = "3rd",
	year = "2001"
}

@Misc{petsc-web-page,
            Author = "Satish Balay and Jed Brown and Kris Buschelman and William D. Gropp and Dinesh Kaushik and Matthew G. Knepley and Lois Curfman McInnes and Barry F. Smith and Hong Zhang",
            Title = "{PETSc} {W}eb page",
            Note = "http://www.mcs.anl.gov/petsc",
            Year = "2012"
          }

@Misc{gid-web-page,
            Author = "",
            Title = "GiD",
            Note = "http://gid.cimne.upc.es",
            Year = "2013"
          }

@Misc{cimec-web-page,
            Author = "",
            Title = "Centro de Investigaciones en Mec\'anica Computacional",
            Note = "http://www.cimec.org.ar",
            Year = "2013"
          }



@article{libMeshPaper,
  author = {B.~S.~Kirk and J.~W.~Peterson and R.~H.~Stogner and G.~F.~Carey},
  title = {{\texttt{libMesh}: A C++ Library for Parallel Adaptive Mesh
              Refinement/Coarsening Simulations}},
  journal = {Engineering with Computers},
  volume = {22},
  number = {3--4},
  pages = {237--254},
  year = {2006},
  note = {\url{http://dx.doi.org/10.1007/s00366-006-0049-3}}
}

@article{Mackerle2004325,
author = "Jaroslav Mackerle",
title = "Object-oriented programming in FEM and BEM: a bibliography (1990â2003)",
journal = "Advances in Engineering Software",
volume = "35",
number = "6",
pages = "325 - 336",
year = "2004",
note = "",
issn = "0965-9978",
keywords = "Finite element method",
keywords = "Boundary element method",
keywords = "Object-oriented programming",
keywords = "Bibliography"
}

@article{Kaludercic04,
author = "Boris Kaludercic",
title = "Parallelisation of the Lagrangian model in a mixed Eulerian-Lagrangian CFD algorithm",
journal = "Parallel Distrib. Comput.",
volume = "64",
pages = "277-284",
year = "2004"
}

@article{Kacianauskas10,
author = "Rimantas Kacianauskas and Algirdas Maknickas and Arnas Kaceniauskas and Darius Markauskas and Robertas Balevicius",
title = "Parallel discrete element simulation of poly-dispersed granular material",
journal = "Advances in Engineering Software",
volume = "41",
pages = "52-63",
year = "2010"
}

@article{Sbalzarini2006566,
title = "\{PPM\} â A highly efficient parallel particleâmesh library for the simulation of continuum systems ",
journal = "Journal of Computational Physics ",
volume = "215",
number = "2",
pages = "566 - 588",
year = "2006",
note = "",
issn = "0021-9991",
doi = "10.1016/j.jcp.2005.11.017",
//url = "http://www.sciencedirect.com/science/article/pii/S002199910500505X",
author = "I.F. Sbalzarini and J.H. Walther and M. Bergdorf and S.E. Hieber and E.M. Kotsalis and P. Koumoutsakos",
keywords = "Parallel library",
keywords = "Particleâmesh",
keywords = "Vortex methods",
keywords = "Smooth particle hydrodynamics "
}

@article{Nair2003275,
title = "A forward-trajectory global semi-Lagrangian transport scheme ",
journal = "Journal of Computational Physics ",
volume = "190",
number = "1",
pages = "275 - 294",
year = "2003",
note = "",
issn = "0021-9991",
doi = "10.1016/S0021-9991(03)00274-2",
//url = "http://www.sciencedirect.com/science/article/pii/S0021999103002742",
author = "Ramachandran D. Nair and Jeffrey S. Scroggs and Frederick H.M. Semazzi",
keywords = "Semi-Lagrangian advection",
keywords = "Spherical geometry",
keywords = "Forward trajectory",
keywords = "Cascade interpolation",
keywords = "Mass conservation",
keywords = "RungeâKutta method "
}

@Book{Anderson94,
	title = "Computational Fluid Dynamics: The Basics with Applications",
	author = "J. D. Anderson",
	publisher = "McGraw Hill",
	isbn = "",
	address = "",	
	year = "1994"
}

@incollection{Yeo06,
year="2006",
isbn="978-0-387-40532-2",
booktitle="Handbook of Nature-Inspired and Innovative Computing",
editor="Zomaya, AlbertY.",
title="Cluster Computing: High-Performance, High-Availability, and High-Throughput Processing on a Network of Computers",
publisher="Springer US",
author="Yeo, CheeShin and Buyya, Rajkumar and Pourreza, Hossein and Eskicioglu, Rasit and Graham, Peter and Sommers, Frank",
pages="521-551"
}


@article{MarquezDamian201217,
    title = "gdbOF: A debugging tool for OpenFOAMÂ® ",
    journal = "Advances in Engineering Software ",
    volume = "47",
    number = "1",
    pages = "17 - 23",
    year = "2012",
    issn = "0965-9978",
    doi = "http://dx.doi.org/10.1016/j.advengsoft.2011.12.006",
    url = "http://www.sciencedirect.com/science/article/pii/S096599781100322X",
    author = "S. MÃ¡rquez DamiÃ¡n and J.M. GimÃ©nez and N.M. Nigro"
}
COMMUNICATIONS IN NUMERICAL METHODS IN ENGINEERING, VOl. 12,31-42 (1996)

@article{Alexiades96,
    title = "Super-Time-Stepping acceleration of explicit schemes for parabolic problems",
    journal = "Communications in Numerical Methods in Engineering",
    volume = "12",
    pages = "31 - 42",
    year = "1996",
    author = "V. Alexiades and G. Amiez and P.A. Gremaud"
}

@article{Rossinelli08,
    title = "Vortex methods for incompressible flow simulations on the GPU",
    journal = "Visual Computer",
    volume = "24",
    number = "(7-9)",
    pages = "699 - 708",
    year = "2008",
    author = "D. Rossinelli and P. Koumoutsakos"
}

@Article{Idelsohn13c,
	title = "Analysis of multi-fluid flows with large time-steps using the Particle Finite Element Method",
	author = "Sergio Idelsohn and J.M. Marti and P. Becker and E. O{\~n}ate.",
	journal = "Internation Journal of Numerical Methods in Fluids",
	year = "accepted, 2014"
}

@Article{Osher01,
	title = "Level set methods: an overview and some recent results",
	author = "S.J. Osher and R.P. Fedkiw",
	journal = "Journal of Computational Physics",
	volume = "169",
	pages = "463 - 502",
	year = "2001"
}

@Article{Gomez13,
	title = "Two Phase analysis of sloshing in a rectangular container with Volume of Fluid (VOF) methods",
	author = "J. G\'omez-Goni and C. A. Garrido-Mendoza and J. L. Cercos and L. Gonz\'alez",
	journal = "Ocean Engineering",
	volume = "73",
	pages = "208 - 212",
	year = "2013"
}


@Article{Coppola05,
	title = "Improving Eulerian two-phase on finite element approximation with discontinuous gradient pressure shape functions",
	author = "A. H. Coppola-Owen and R. Codina",
	journal = "International Journal for Numerical Methods in Fluids",
	volume = "49",
	pages = "1287 - 1304",
	year = "2005"
}

@Article{Martinuzzi93,
	title = "The Flow Around Surface-Mounted, Prismatic Obstacles Placed in a Fully Developed Channel Flow",
	author = "R. Martinuzzi and C. Tropea",
	journal = "Journal of Fluids Engineering",
	volume = "115",
	pages = "85 - 92",
	year = "1993"
}

@Article{Shah97,
	title = "A fluid mechanicians view of wind engineering:Large eddy simulation of flow past a cubic obstacle",
	author = "K. B. Shah and J. H. Ferziger",
	journal = "Journal of Wind Engineering and Industrial Aerodynamic",
	volume = "67\&68",
	pages = "211 - 224",
	year = "1997"
}


@Article{Costarelli13,
	title = "GPGPU implementation of the BFECC algorithm for pure advection equations",
	author = "S. D. Costarelli and M. A. Storti and R. R. Paz and L. Dalcin and S. R. Idelsohn",
	journal = "Cluster Computing",
	volume = "accepted",
	year = "2013"
}

@Article{Zalesak79,
	title = "Fully multidimensional flux-corrected transport algorithms for fluids",
	author = "S. Zalesak",
	journal = "J. Comput. Phys.",
	volume = "31(3)",
	pages = "335 - 362",
	year = "1979"
}

@Article{Zalesak79,
	title = "Fully multidimensional flux-corrected transport algorithms for fluids",
	author = "S. Zalesak",
	journal = "J. Comput. Phys.",
	volume = "31(3)",
	pages = "335 - 362",
	year = "1979"
}

@Article{Puckett97,
	title = "A high-order projection method for tracking fluid interfaces in variable density incompressible flows",
	author = "E. Puckett and A. Almgren and J. Bell and D. Marcus and W. Rider",
	journal = "J. Comput. Phys.",
	volume = "130(2)",
	pages = "269 - 282",
	year = "1997"
}

@Article{LeVeque96,
	title = "High-resolution conservative algorithms for advection in incompressible flow",
	author = "R. LeVeque",
	journal = "SIAM J. Numer. Anal.",
	volume = "33(2)",
	pages = "627 - 665",
	year = "1996"
}

@Article{Monaghan88,
	title = "An introduction to SPH",
	author = "J.J. Monaghan",
	journal = "Computational Physics Communications",
	volume = "48",
	pages = "89-96",
	year = "1988"
}

@Article{Koshizuka95,
	title = "A Particle Method for Incompressible Viscous Flow with Fluid Fragmentation",
	author = "S. Koshizuka, H. Tamako and Y. Oka",
	journal = "Computational Fluid Mechanics Journal",
	volume = "113",
	pages = "134-147",
	year = "1995"
}

@Article{Wieckowsky04,
	title = "The material point method in large strain engineering problems",
	author = "Z. Wieckowsky",
	journal = "Computer methods in applied mechanics and engineering",
	volume = "193.39",
	pages = "4417-4438",
	year = "2004"
}

@Article{Aubry05,
	title = "Particle finite element method in fluid mechanics including thermal convectionâdiffusion",
	author = "R. Aubry, S.R. Idelsohn and E. O\~nate",
	journal = "Comput.Struct",
	volume = "83(17-18)",
	pages = "1459-1475",
	year = "2005"
}

@inproceedings{Idelsohn02,
	title = "Lagrangian formulation: the only way to solve some free-surface fluid mechanics problems",
	author = "S.R. Idelsohn, E. O\~nate, F. Del Pin and N. Calvo",
	booktitle = "Fifth World Congress on Computational Mechanics",
	location = " Vienna, Austria",
	pages = "1459-1475",
	year = "2002"
}

@Article{Larese08,
	title = "Validation of the Particle Finite Element Method (PFEM) for Simulation of the Free-Surface Flows",
	author = "A. Larese, R. Rossi, E. O\~nate and S.R. Idelsohn",
	journal = "Engineering Computations",
	volume = "25(4)",
	pages = "385-425",
	year = "2008"
}

@Article{Idelsohn06,
	title = " Fluidâstructure interaction using the particle finite element method",
	author = "S.R. Idelsohn, E. O{\~n}ate, F. Del Pin and N. Calvo",
	journal = "Comput. Meth. Appl. Mech. Engrg.",
	volume = "195",
	pages = "2100-2113",
	year = "2006"
}

@Article{Idelsohn09,
	title = "Multi-fluid flows with the Particle Finite Element Method",
	author = "S.R. Idelsohn, M. Mier-Torrecilla and E. O\~nate",
	journal = "Comput. Meth. Appl. Mech. Engrg.",
	volume = "198",
	pages = "2750-2767",
	year = "2009"
}

@Article{HoodTaylor73,
	title = "Numerical solution of the NavierâStokes equations using the finite element technique",
	author = "P. Hood and C. Taylor",
	journal = "Comput. Fluids",
	volume = "1",
	pages = "1-28",
	year = "1973"
}


@article{Lobovsky13,
    archivePrefix = {arXiv},
    author = {Lobovsk\'{y}, L. and Botia-Vera, E. and Castellana, F. and Mas-Soler, J. and Souto-Iglesias, A.},
    citeulike-article-id = {12664393},
    citeulike-linkout-0 = {http://arxiv.org/abs/1308.0115},
    eprint = {1308.0115},
    journal = {Journal of Fluids and Structures (accepted for publication)},
    posted-at = {2013-09-28 16:16:19},
    priority = {2},
    title = {{Experimental investigation of dynamic pressure loads during dam break}},
    year={2014},
    doi = {10.1016/j.jfluidstructs.2014.03.009}
}


@Article{Strubelj11,
	title = "Two-fluid model with interface sharpening",
	author = "L. Strubelj and I. Tiselj",
	journal = "Int. J. Numer. Meth. Engng",
	volume = "85",
	pages = "575â590",
	year = "2011"
}

@Article{Osher01,
	title = "Level set methods: an overview and some recent results",
	author = "S.J. Osher and R.P. Fedkiw",
	journal = "Journal of Computational Physics",
	volume = "169",
	pages = "463-502",
	year = "2001"
}

@Article{Goni13,
	title = "Two phase analysis of sloshing in a rectangular container with Volume of Fluid (VOF) methods",
	author = "Jes\'us G\'omez-Go{\~n}i and Carlos A. Garrido-Mendoza and Jos\'e Luis Cerc\'os and Leo Gonz\'alez",
	journal = "Ocean Engineering",
	volume = "73",
	pages = "208â212",
	year = "2013"
}

@Article{Guermond00,
	title = "A Projection FEM for Variable Density Incompressible Flows",
	author = "J.L. Guermond and L. Quartapelle",
	journal = "Journal of Computational Physics",
	volume = "165",
	pages = "167-188",
	year = "2000"
}

@article{Nestor20091733,
  title = "Extension of the finite volume particle method to viscous flow ",
  journal = "Journal of Computational Physics ",
  volume = "228",
  number = "5",
  pages = "1733 - 1749",
  year = "2009",
  note = "",
  issn = "0021-9991",
  doi = "http://dx.doi.org/10.1016/j.jcp.2008.11.003",
  author = "Ruairi M. Nestor and Mihai Basa and Martin Lastiwka and Nathan J. Quinlan",
}

@Article{Tryggvason88,
	title = "Numerical Simulations of the Rayleigh-Taylor Instability",
	author = "G. Tryggvason",
	journal = "Journal of Computational Physics",
	volume = "75",
	pages = "253-282",
	year = "1988"
}

@Book{ Lighthill01,
	title = "Waves in fluids",
	author = "J. Lighthill",
	publisher = "Cambridge University Press.",
	year = "2001"
}

@inproceedings{Colagrossi12Prato,
	title = "Modeling of gravity wave viscous attenuation",
	author = "A. Colagrossi and A. Souto-Iglesias and M. Antuono and S. Marrone",
	booktitle = "7th international SPHERIC workshop",
	location = " Prato-Italy",
	year = "2012"
}

@article{Colagrossi12,
  title = {Smoothed-particle-hydrodynamics modeling of dissipation mechanisms in gravity waves},
  author = {Colagrossi, Andrea and Souto-Iglesias, Antonio and Antuono, Matteo and Marrone, Salvatore},
  journal = {Phys. Rev. E},
  volume = {87},
  issue = {2},
  pages = {023302},
  numpages = {15},
  year = {2013},
  month = {Feb},
  publisher = {American Physical Society}
}

@Article{Antuono13,
	title = "The damping of viscous gravity waves",
	author = "M. Antuono and A. Colagrossi",
	journal = "Wave Motion",
	volume = "50",
	pages = "197-209",
	year = "2013"
}

@Article{Bermejo,
	title = "Finite element modified method of characteristics for {Navier-Stokes} equations",
	author = "A. Allievi and R. Bermejo",
	journal = "Int. J. Numer. Meth. Fluids",
	volume = "32",
	pages = "439-464",
	year = "2000"
}


@inproceedings{Donea83,
	title = "Arbitrary Lagrangian-Eulerian Finite element methods",
	author = "J. Donea",
	booktitle = "In Computational Methods for Transient Analysis",
	editor = "T. Belytschko and T. Hughes",
	location = " North-Holland: Amsterdam",
	pages = "474-516",
	year = "1983"
}

@Article{VoF,
	title = "Volume of fluid (Vof) method for the dynamics of free boundaries",
	author = "C.W. Hirt and B.D. Nichols",
	journal = "J. Comput. Phys",
	volume = "39(1)",
	pages = "201-225",
	year = "1981"
}

@ARTICLE{Wendland,
    AUTHOR="Wendland, H.",
    TITLE="Piecewise polynomial, positive definite and compactly supported radial functions of minimal degree",
    JOURNAL="Adv. in Comput. Math.",
    VOLUME=389,
    PAGES="389--396",
    YEAR=1995
}

@Book{ Felippa04,
	title = "Introduction to Finite Element Methods",
	author = "C. Felippa",
	publisher = " University of Colorado, Chapter 10",
	year = "2004"
  }

@Article{Delorme09,
	title = "A set of canonical problems in sloshing, Part I: Pressure field in forced rollâcomparison between experimental results and SPH",
	author = "L. Delorme and A. Colagrossi and A. Souto-Iglesias and R. Zamora-Rodriguez and E. BotÄ±a-Vera",
	journal = "Ocean Engineering",
	volume = "36",
	pages = "168-178",
	year = "2009"
}

@inproceedings{Brizzolara09,
	title = "Comparison of experimental and numerical sloshing loads in partially filled tanks",
	author = "S. Brizzolara and L. Savio and M. Viviani and Y. Chen and P. Temarel and N. Couty and S. Hoflack and L. Diebold and N. Moirod and A. Souto Iglesias",
	booktitle = "Analysis and Design of Marine Structures",
	year = "2019"
}

@Article{Berberovic09,
  title = "Drop impact onto a liquid layer of finite thickness: Dynamics of the cavity evolution",
  author = {Berberovi\ifmmode \acute{c}\else \'{c}\fi{}, Edin and van Hinsberg, Nils P. and Jakirli\ifmmode \acute{c}\else \'{c}\fi{}, Suad and Roisman, Ilia V. and Tropea, Cameron},
  journal = {Phys. Rev. E},
  volume = {79},
  issue = {3},
  pages = {036306},
  numpages = {15},
  year = {2009},
  doi = {10.1103/PhysRevE.79.036306},
}


@PhDThesis{ Marquez13,
	author = "S. {M\'arquez Dami\'an}",
	title = "An Extended Mixture Model for the Simultaneous Treatment of Short and Long Scale Interfaces",
	school = "Facultad de Ingenier{\'i}a y Ciencias H{\'i}dricas (FICH) Instituto de Desarrollo Tecnol{\'o}gico para la Industria Qu{\'i}mica (INTEC) Universidad Nacional del Litoral",
	year = 2013
}

@Article{Gimenez14,
	title = "Evaluating the performance of the Particle Finite Element Method in parallel architectures",
	author = "J.M. Gimenez and N.M. Nigro and S.R. Idelsohn",
	journal = "Journal of Computational Particle Mechanics",
	doi = "10.1007/s40571-014-0009-4",
	volume = "1",
	pages = " - ",
	year = 2014
}

@article {Marquez2014,
  author = "S. {M\'arquez Dami\'an} and N. M. Nigro",
  title = {An extended mixture model for the simultaneous treatment of small-scale and large-scale interfaces},
  journal = {International Journal for Numerical Methods in Fluids},
  publisher = {John Wiley & Sons, Ltd},
  issn = {1097-0363},
  doi = {10.1002/fld.3906},
  pages = " - ",
  year = {2014}
}

@article{Idelsohn10,
  year="2010",
  issn={0178-7675},
  journal={Computational Mechanics},
  volume={46},
  number={1},
  doi={10.1007/s00466-009-0448-6},
  title={On the analysis of heterogeneous fluids with jumps in the viscosity using a discontinuous pressure field},
  url={http://dx.doi.org/10.1007/s00466-009-0448-6},
  publisher={Springer-Verlag},
  keywords={Heterogeneous fluids; Multi-fluids; Multiphase flows; Incompressible NavierâStokes equations; Free-surfaces; Interfaces},
  author={Idelsohn, SergioR. and Mier-Torrecilla, Monica and Nigro, Norberto and OÃ±ate, Eugenio},
  pages={115-124},
  language={English}
}

