@CONTROL{REVTEX41Control}
@CONTROL{apsrev41Control,author="08",editor="1",pages="0",title="",year="1"}
@article{Dimas89,
   author = "Triantafyllou, George S. and Dimas, Athanassios A.",
   title = "Interaction of two‚Äêdimensional separated flows with a free surface at low Froude numbers",
   journal = "Physics of Fluids A",
   year = "1989",
   volume = "1",
   number = "11", 
   eid = ,
   pages = "1813-1821",
   url = "http://scitation.aip.org/content/aip/journal/pofa/1/11/10.1063/1.857507",
   doi = "http://dx.doi.org/10.1063/1.857507" 
}

@article{Reichl05,
author = {P. Reichl and K. Hourigan and M. Thompson},
title = {Flow past a cylinder close to a free surface},
journal = {Journal of Fluid Mechanics},
volume = {533},
month = {6},
month = {6},
year = {2005},
issn = {1469-7645},
pages = {269--296},
numpages = {28},
doi = {10.1017/S0022112005004209},
URL = {http://journals.cambridge.org/article_S0022112005004209},
}


@article{Bouscasse15,
author = {B. Bouscasse and A. Colagrossi and S. Marrone and A. Souto-Iglesias},
title = {High Froude Number Viscous Flow Past a Circular Cylinder},
journal = {ASME 2015 34th International Conference on Ocean, Offshore and Arctic Engineering},
volume = {2}
month = {6},
year = {2015},
isbn = {978-0-7918-5648-2},
pages = {V002T08A024},
numpages = {11},
doi = {10.1115/OMAE2015-41857},
URL = {http://journals.cambridge.org/article_S0022112005004209},
}

@Book{ Hirsch07,
	title = "Numerical Computation of Internal and External Flows: The Fundamentals of Computational Fluid Dynamics",
	author = "C. Hirsch",
	publisher = "Butterworth-Heinemann",
	number = "2nd Edition",
	year = "2007"
}

@article{Gimenez2015186,
title = "An extended validation of the last generation of particle finite element method for free surface flows ",
journal = "Journal of Computational Physics ",
volume = "284",
number = "0",
pages = "186 - 205",
year = "2015",
note = "",
issn = "0021-9991",
doi = "http://dx.doi.org/10.1016/j.jcp.2014.12.025",
url = "http://www.sciencedirect.com/science/article/pii/S0021999114008420",
author = "{J. Gimenez and L. Gonz\'alez}"
}

@article{Gonzalez07,
title = "Finite Element Methods for Viscous Incompressible BiGlobal Instability Analysis on Unstructured Meshes ",
journal = "AIAA Journal",
volume = "45",
number = "4",
pages = "840 - 854",
year = "2007",
author = "{L. Gonz\'alez and V. Theofilis and R. G\'omez-Blanco}",
doi = "10.2514/1.25410",
}